@online {
  default,
  author = {Autor A and Autor B},
  title = {Title},
  year = {1987},
  note = {\url{http://name.tdl/}}
}
