@booklet {
  default,
  author = "Albert Glossner and Max Mustermann and Alfons Müller",
  title = "Leitbilder",
  publisher = "Arbeitsgem. Bildung u.Beruf e.~V.",
  address = "Pössneck",
  url = "http://www.abb-seminare.de/leittext.htm",
  month = "5.~" # jun,
  year = "2003",
  note = "Erstver{\"o}ffentl. Juni 1998",
  lastchecked = "2004-01-21",
}

@misc{6902013,
file = {:Users/sh/Documents/Mendeley Desktop/Unknown\_2013\_Information und Dokumentation – Richtlinien f\"{u}r Titelangaben und Zitierung von Informationsressourcen.pdf:pdf},
month = oct,
pages = {1--47},
publisher = {DIN Deutsches Institut f\"{u}r Normung e. V.},
shorttitle = "DIN ISO 690",
title = {{Information und Dokumentation – Richtlinien f\"{u}r Titelangaben und Zitierung von Informationsressourcen}},
year = {2013}
}

@BOOK{voelter, 
title={DSL Engineering: Designing, Implementing and Using Domain-Specific Languages},
author={Markus Voelter},
publisher={CreateSpace Independent Publishing Platform},
year={2013},
month={1},
isbn={9781481218580},
url={http://amazon.com/o/ASIN/1481218581/},
price={$29.99},
totalpages={558},
timestamp={2014.06.25},
}